<?xml version="1.0" encoding="UTF-8"?><collection xmlns="http://www.loc.gov/MARC21/slim"><record><leader>00357nam--2200121-i-4500</leader><controlfield tag="001">000006244</controlfield><controlfield tag="002">20161230</controlfield><controlfield tag="005">20161230201026</controlfield><controlfield tag="008">060222s1000------------r-----000-0-eng-d</controlfield><datafield ind1=" " ind2=" " tag="245"><subfield code="a">Biographical memoirs of fellows of the royal society. vol.7</subfield></datafield><datafield ind1=" " ind2=" " tag="260"><subfield code="a">London,Royal Society, 1955. ......</subfield></datafield><datafield ind1=" " ind2=" " tag="490"><subfield code="a">Anew Series In Contin. Of Obituary Notices</subfield></datafield><datafield ind1=" " ind2=" " tag="852"><subfield code="a">13122</subfield></datafield></record></collection>